@INPROCEEDINGS{ias99,
    author = {Edited Pierre Deligne and Pavel Etingof and Daniel S. Freed and Lisa C. Jeffrey and David Kazhdan and John W. Morgan and David R. Morrison and Edward Witten},
    title = {Quantum Fields and Strings. A course for mathematicians},
    booktitle = {Material from the Special Year on Quantum Field Theory held at the Institute for Advanced Study},
    year = {1999},
    publisher = {American Mathematical Society}
}

@online{jake-cfts,
    author = {Jake Bian},
    title = {Notes on Conformal Field Theories.},
    url = {https://github.com/jakebian/string-reading-group/tree/jake-cft}
}

@misc{witten-ieps,
    archivePrefix = {arXiv},
    author = {Witten, Edward},
    title = {The Feynman $i \epsilon$ in String Theory},
    url = {http://arxiv.org/abs/1307.5124},
    year = {2013}
}

@book{polchinski,
  title={String Theory: Volume 1, An Introduction to the Bosonic String},
  author={Polchinski, J.},
  isbn={9781139457408},
  lccn={98004545},
  series={Cambridge Monographs on Mathematical Physics},
  url={https://books.google.ca/books?id=jbM3t\_usmX0C},
  year={1998},
  publisher={Cambridge University Press}
}

@book{nakahara,
  title={Geometry, Topology and Physics, Second Edition},
  author={Nakahara, M.},
  isbn={9780750306065},
  lccn={2003282202},
  series={Graduate student series in physics},
  url={https://books.google.ca/books?id=cH-XQB0Ex5wC},
  year={2003},
  publisher={Taylor \& Francis}
}